<record><leader>00000cas a22000007a 4500</leader><controlfield tag="001">10647262</controlfield><controlfield tag="008">840419d18581862wiuwr ne      0   a0eng d</controlfield><datafield ind1=" " ind2=" " tag="010"><subfield code="a">sn 84024396 </subfield></datafield><datafield ind1=" " ind2=" " tag="040"><subfield code="a">NPV</subfield><subfield code="b">eng</subfield><subfield code="c">NPV</subfield><subfield code="d">NPU</subfield><subfield code="d">OCLCQ</subfield></datafield><datafield ind1=" " ind2=" " tag="042"><subfield code="a">msc</subfield></datafield><datafield ind1=" " ind2=" " tag="043"><subfield code="a">n-us-wi</subfield></datafield><datafield ind1="0" ind2="0" tag="245"><subfield code="a">Iowa County advocate.</subfield></datafield><datafield ind1=" " ind2=" " tag="260"><subfield code="a">Dodgeville, Wis. :</subfield><subfield code="b">F.J. Rowe</subfield></datafield><datafield ind1=" " ind2=" " tag="300"><subfield code="a">v. :</subfield><subfield code="b">ill. (chiefly advertisements)</subfield></datafield><datafield ind1=" " ind2=" " tag="310"><subfield code="a">Weekly</subfield></datafield><datafield ind1="1" ind2=" " tag="362"><subfield code="a">Began with Aug. 19, 1858 issue; ceased in Sept., 1862.</subfield><subfield code="z">Cf. Oehlerts, d. E. Guide to Wis. newspapers.</subfield></datafield><datafield ind1=" " ind2=" " tag="588"><subfield code="a">Description based on: Vol. 2, no. 50 (Aug. 18, 1860).</subfield></datafield><datafield ind1=" " ind2=" " tag="752"><subfield code="a">United States</subfield><subfield code="b">Wisconsin</subfield><subfield code="c">Iowa</subfield><subfield code="d">Dodgeville.</subfield></datafield><datafield ind1="0" ind2="0" tag="785"><subfield code="t">Dodgeville chronicle</subfield><subfield code="w">(DLC)sn 85033019</subfield></datafield></record>